%------------------------------------------------------------
% This bibliography supports Principia Symbolica.
% Foundational works and experimental datasets only. Derived works will be cited later.
% Dynamic citation overlays coming via Scite.
% Visit https://GITHUB LINK TBD to experience layered citation graphs.
%------------------------------------------------------------
\section*{Acknowledged Sources}
The works cited below each contribute foundational concepts or methods reflected throughout this manuscript. 
Each reference is intentionally cited once to signal its conceptual anchor point.

@book{newton1999principia,
  title     = {The Principia: Mathematical Principles of {Natural Philosophy}},
  author    = {Newton, Isaac and Cohen, I. Bernard and Whitman, Anne},
  year      = {1999},
  publisher = {University of California Press},
  note      = {Original work published 1687}
}

@book{callen1985thermodynamics,
  title     = {Thermodynamics and an Introduction to {Thermostatistics}},
  author    = {Callen, Herbert B.},
  year      = {1985},
  edition   = {2nd},
  publisher = {Wiley}
}

@article{shannon1948mathematical,
  title     = {A Mathematical Theory of {Communication}},
  author    = {Shannon, Claude E.},
  journal   = {Bell System Technical Journal},
  volume    = {27},
  number    = {3},
  pages     = {379--423},
  year      = {1948},
  doi       = {10.1002/j.1538-7305.1948.tb01338.x},
  url       = {https://doi.org/10.1002/j.1538-7305.1948.tb01338.x}
}

@book{maynard1982evolution,
  title     = {Evolution and the Theory of {Games}},
  author    = {Maynard Smith, John},
  year      = {1982},
  publisher = {Cambridge University Press}
}

@book{maturana1980autopoiesis,
  title     = {Autopoiesis and {Cognition}: The Realization of the {Living}},
  author    = {Maturana, Humberto R. and Varela, Francisco J.},
  year      = {1980},
  publisher = {D. Reidel Publishing Company}
}

@book{popper1935logic,
  title={The Logic of Scientific Discovery},
  author={Popper, Karl},
  year={1935},
  publisher={Routledge},
  note={English edition 1959}
}

@misc{dua2019uci,
  author      = {Dua, Dheeru and Graff, Casey},
  title       = {{UCI} Machine Learning Repository},
  year        = {2019},
  url         = {http://archive.ics.uci.edu/ml},
  institution = {University of California, Irvine, School of Information and Computer Sciences}
}

% original author list    = {Pedregosa, F. and Varoquaux, G. and Gramfort, A. and Michel, V. and Thirion, B. and Grisel, O. and Blondel, M. and Prettenhofer, P. and Weiss, R. and Dubourg, V. and Vanderplas, J. and Passos, A. and Cournapeau, D. and Brucher, M. and Perrot, M. and Duchesnay, E.},

@article{scikit-learn,
  title     = {Scikit-learn: Machine Learning in {Python}},
  author    = {Pedregosa, F. and others},
  journal   = {Journal of Machine Learning Research},
  volume    = {12},
  pages     = {2825--2830},
  year      = {2011},
  url       = {https://scikit-learn.org}
}

@article{shannon1948,
  author    = {Shannon, Claude E.},
  title     = {A Mathematical Theory of Communication},
  journal   = {Bell System Technical Journal},
  year      = {1948},
  volume    = {27},
  pages     = {379--423, 623--656}
}

@book{maturana1980,
  author    = {Maturana, Humberto and Varela, Francisco},
  title     = {Autopoiesis and Cognition},
  year      = {1980},
  publisher = {Reidel}
}

@article{friston2010,
  author    = {Friston, Karl},
  title     = {The Free-Energy Principle: A Unified Brain Theory?},
  journal   = {Nature Reviews Neuroscience},
  year      = {2010},
  volume    = {11},
  pages     = {127--138}
}

@book{amari2000,
  author    = {Amari, Shun-ichi and Nagaoka, Hiroshi},
  title     = {Methods of Information Geometry},
  year      = {2000},
  publisher = {AMS/Oxford University Press}
}

@book{vonGlasersfeld1995,
  author    = {von Glasersfeld, Ernst},
  title     = {Radical Constructivism: A Way of Knowing and Learning},
  year      = {1995},
  publisher = {Falmer Press}
}

@book{whitehead1929,
  author    = {Whitehead, Alfred North},
  title     = {Process and Reality},
  year      = {1929},
  publisher = {Macmillan}
}

@inproceedings{vaswani2017,
  author    = {Vaswani, Ashish and Shazeer, Noam and Parmar, Niki and Uszkoreit, Jakob and Jones, Llion and Gomez, Aidan N. and Kaiser, Łukasz and Polosukhin, Illia},
  title     = {Attention Is All You Need},
  booktitle = {Advances in Neural Information Processing Systems (NeurIPS)},
  year      = {2017}
}

@book{mitchell2009,
  author    = {Mitchell, Melanie},
  title     = {Complexity: A Guided Tour},
  year      = {2009},
  publisher = {Oxford University Press}
}

@book{maclane1971,
  author    = {Mac Lane, Saunders},
  title     = {Categories for the Working Mathematician},
  year      = {1971},
  publisher = {Springer}
}

@book{sutton2018,
  author    = {Sutton, Richard S. and Barto, Andrew G.},
  title     = {Reinforcement Learning: An Introduction},
  year      = {2018},
  edition   = {2nd},
  publisher = {MIT Press}
}

@article{wolpert1998,
  title   = {Internal Models in the Cerebellum},
  author  = {Wolpert, Daniel M. and Miall, R. Chris and Kawato, Mitsuo},
  journal = {Trends in Cognitive Sciences},
  volume  = {2},
  number  = {9},
  pages   = {338--347},
  year    = {1998}
}

@article{oregan2001,
  title   = {A Sensorimotor Account of Vision and Visual Consciousness},
  author  = {O’Regan, J. Kevin and Noë, Alva},
  journal = {Behavioral and Brain Sciences},
  volume  = {24},
  number  = {5},
  pages   = {939--973},
  year    = {2001}
}
@book{bott1982differential,
  title={Differential Forms in Algebraic Topology},
  author={Bott, Raoul and Tu, Loring W.},
  year={1982},
  publisher={Springer}
}

@book{lawson1989spin,
  title={Spin Geometry},
  author={Lawson, H. Blaine Jr and Michelsohn, Marie-Louise},
  year={1989},
  publisher={Princeton University Press}
}

@book{penrose1984spinors,
  title={Spinors and Space-Time},
  author={Penrose, Roger and Rindler, Wolfgang},
  volume={1},
  year={1984},
  publisher={Cambridge University Press}
}

@book{nash1983topology,
  title={Topology and Geometry for Physicists},
  author={Nash, Charles and Sen, Siddhartha},
  year={1983},
  publisher={Academic Press}
}
@book{lawson_spin_geometry,
  title     = {Spin Geometry},
  author    = {Lawson, H. Blaine and Michelsohn, Marie-Louise},
  year      = {1989},
  publisher = {Princeton University Press}
}

@article{friedrich_dirac,
  title   = {Dirac Operators in Riemannian Geometry},
  author  = {Friedrich, Thomas},
  journal = {Graduate Studies in Mathematics},
  volume  = {25},
  year    = {2000},
  publisher = {American Mathematical Society}
}

@book{penrose_spinors,
  title     = {Spinors and Space-Time, Volume 1: Two-Spinor Calculus and Relativistic Fields},
  author    = {Penrose, Roger and Rindler, Wolfgang},
  publisher = {Cambridge University Press},
  year      = {1984}
}

@book{nash_sen,
  title     = {Topology and Geometry for Physicists},
  author    = {Nash, Charles and Sen, Siddhartha},
  publisher = {Academic Press},
  year      = {1983}
}
@book{hatcher2002algebraic,
  title={Algebraic Topology},
  author={Hatcher, Allen},
  year={2002},
  publisher={Cambridge University Press}
}

@book{mccleary2001user,
  title={A User's Guide to Spectral Sequences},
  author={McCleary, John},
  edition={2nd},
  year={2001},
  publisher={Cambridge University Press}
}

@book{petersen2006riemannian,
  title={Riemannian Geometry},
  author={Petersen, Peter},
  edition={2nd},
  year={2006},
  publisher={Springer}
}

@article{cheeger1975curvature,
  title={Curvature and Betti numbers},
  author={Cheeger, Jeff and Gromoll, Detlef},
  journal={Annals of Mathematics},
  volume={96},
  number={3},
  pages={413--443},
  year={1972},
  publisher={JSTOR}
}

@book{gallot1987riemannian,
  title={Riemannian Geometry},
  author={Gallot, Sylvestre and Hulin, Dominique and Lafontaine, Jacques},
  year={1987},
  publisher={Springer},
  series={Universitext}
}

@article{kardar1986dynamic,
  title     = {Dynamic Scaling of Growing Interfaces},
  author    = {Kardar, Mehran and Parisi, Giorgio and Zhang, Yi-Cheng},
  journal   = {Physical Review Letters},
  volume    = {56},
  number    = {9},
  pages     = {889--892},
  year      = {1986},
  publisher = {American Physical Society},
  doi       = {10.1103/PhysRevLett.56.889}
}

@book{tauber2014critical,
  title     = {Critical Dynamics: A Field Theory Approach to Equilibrium and Non-Equilibrium Scaling Behavior},
  author    = {Täuber, Uwe C.},
  publisher = {Cambridge University Press},
  year      = {2014},
  isbn      = {9781107037437}
}

@book{chaikin1995principles,
  title     = {Principles of Condensed Matter Physics},
  author    = {Chaikin, Paul M. and Lubensky, Tom C.},
  publisher = {Cambridge University Press},
  year      = {1995},
  isbn      = {9780521432241}
}

@book{zinn2002quantum,
  title     = {Quantum Field Theory and Critical Phenomena},
  author    = {Zinn-Justin, Jean},
  edition   = {4th},
  publisher = {Oxford University Press},
  year      = {2002},
  isbn      = {9780198509233}
}

@article{behrouz2024titans,
  title   = {Titans: Learning to Memorize at Test Time},
  author  = {Behrouz, Ali and Zhong, Peilin and Mirrokni, Vahab},
  journal = {arXiv preprint arXiv:2412.XXXXX},
  year    = {2024},
  note    = {Hypothetical paper for the purpose of dialogue within Principia Symbolica. Represents the class of advanced, test-time adaptive models.}
}

@book{pauli1994atom,
  title     = {Atom and Archetype: The Pauli/Jung Letters 1932--1958},
  editor    = {Meier, C. A.},
  year      = {1994},
  publisher = {Princeton University Press},
  translator = {Roscoe, David},
  note      = {Correspondence between Wolfgang Pauli and Carl Gustav Jung, exploring the intersection of quantum theory, psyche, and symbolic geometry}
}

@article{pauli1925exclusion,
  title     = {On the Connection Between the Completion of Electron Groups in an Atom with the Complex Structure of Spectra},
  author    = {Pauli, Wolfgang},
  journal   = {Zeitschrift für Physik},
  volume    = {31},
  pages     = {765--783},
  year      = {1925},
  note      = {Introduces the Exclusion Principle; foundational to symbolic boundary theory in PS}
}
